<?xml version="1.0" encoding="UTF-8"?><collection xmlns="http://www.loc.gov/MARC21/slim"><record><leader>00442nam--2200169-i-4500</leader><controlfield tag="001">000048372</controlfield><controlfield tag="002">20161230</controlfield><controlfield tag="005">20170108212341</controlfield><controlfield tag="008">060222s1000------------r-----000-0-eng-d</controlfield><datafield ind1=" " ind2=" " tag="080"><subfield code="a">621.375.826</subfield></datafield><datafield ind1=" " ind2=" " tag="100"><subfield code="a">Abdullaev, G. V</subfield></datafield><datafield ind1=" " ind2=" " tag="245"><subfield code="a">Vzaimodeistvie lazernovo izluchenia s poluprovodnikami tipa aiii VVI</subfield></datafield><datafield ind1=" " ind2=" " tag="260"><subfield code="a">Baky</subfield><subfield code="b">Izd. Elm</subfield><subfield code="c">1979</subfield></datafield><datafield ind1=" " ind2=" " tag="300"><subfield code="a">139 p</subfield></datafield><datafield ind1=" " ind2=" " tag="700"><subfield code="a">Salev, E. Iu</subfield></datafield><datafield ind1=" " ind2=" " tag="852"><subfield code="a">77568</subfield></datafield><datafield ind1=" " ind2=" " tag="CAT"><subfield code="a">SYS</subfield><subfield code="c">20170108</subfield><subfield code="h">212341</subfield></datafield></record></collection>